<?xml version="1.0" encoding="UTF-8"?><record xmlns="http://www.loc.gov/MARC21/slim" xmlns:cinclude="http://apache.org/cocoon/include/1.0" xmlns:zs="http://www.loc.gov/zing/srw/">
  <leader>00465nz  a2200145n  4500</leader>
  <controlfield tag="001">no2009056594</controlfield>
  <controlfield tag="003">DLC</controlfield>
  <controlfield tag="005">20090412075207.0</controlfield>
  <controlfield tag="008">090410n| acannaabn          |n aaa     c</controlfield>
  <datafield tag="010" ind1=" " ind2=" ">
    <subfield code="a">no2009056594</subfield>
  </datafield>
  <datafield tag="035" ind1=" " ind2=" ">
    <subfield code="a">(OCoLC)oca08074445</subfield>
  </datafield>
  <datafield tag="040" ind1=" " ind2=" ">
    <subfield code="a">IaU</subfield>
    <subfield code="b">eng</subfield>
    <subfield code="c">IaU</subfield>
  </datafield>
  <datafield tag="100" ind1="1" ind2=" ">
    <subfield code="a">Rolando, Giuseppe,</subfield>
    <subfield code="d">1931-</subfield>
  </datafield>
  <datafield tag="670" ind1=" " ind2=" ">
    <subfield code="a">L'Arbre vert, 1966:</subfield>
    <subfield code="b">credits (Giuseppe Rolando)</subfield>
  </datafield>
  <datafield tag="670" ind1=" " ind2=" ">
    <subfield code="a">Internet Movie Database, Apr. 10, 2009</subfield>
    <subfield code="b">(Giuseppe Rolando, film director, writer; b. 1931 in Italy)</subfield>
  </datafield>
</record>